@article{chorRivest1988,
        author = "Benny Chor and Ronald L. Rivest",
        title = "\textbf{{A} {K}napsack-{T}ype {P}ublic {K}ey {C}ryptosystem {B}ased on {A}rithmetic in {F}inite {F}ields}",
        journal = "IEEE Transactions on Information Theory",
        year = "1988"
}

@article{pohligHellman1978,
        author = "Stephen C. Pohlig and Martin E. Hellman",
        title = "\textbf{{A}n {I}mproved {A}lgorithm for {C}omputing {L}ogarithms over $\operatorname{GF}(p)$ and {I}ts {C}ryptographic {S}ignifiance}",
        journal = "IEEE Transactions on Information Theory",
        year = "1978"
}

@book{galbraith2012,
    author    = "Steven D. Galbraith",
    title     = "{M}athematics of {P}ublic {K}ey {C}ryptography",
    publisher = "Cambridge University Press",
    year      = "2012",
}

@article{vaudenay2000,
        author = "Serge Vaudenay",
        title = "\textbf{{C}ryptanalysis of the {C}hor-{R}ivest {C}ryptosystem}",
        journal = "Journal of Cryptology",
        year = "2000"
}

@article{huber1991,
        author = "K. Huber",
        title = "\textbf{{S}pecialised {A}ttack on {C}hor-{R}ivest {P}ublic {K}ey {C}ryptosystem}",
        journal = "Journal of Cryptology",
        year = "2000"
}

@conference{bai2008,
        author = "Shi Bai and Richard Pierce Brent",
        title = "\textbf{{O}n the {E}fficiency of {P}ollard's {R}ho {M}ethod for {D}iscrete {L}ogarithms}",
        booktitle = "Conference in Research and Practice in Information Technology",
        organization = "Departement of Computer Science \& Center for Mathematics and its Applications, Australian National University",
        year = "2008"
}

@article{teske2001,
        author = "Edlyn Teske",
        title = "\textbf{{O}n {R}andom {W}alks for {P}ollard's {R}ho {M}ethod}",
        journal = "Mathematics of Computation",
        year = "2001"
}

@article{pollard1978,
        author = "John Michael Pollard",
        title = "\textbf{{M}onte {C}arlo {M}ethods for {I}ndex {C}omputation mod $p$}",
        journal = "Mathematics of Computation",
        year = "1978"
}

@book{tauvel2008,
    author    = "Patrice Tauvel",
    title     = "{C}orps commutatifs et théorie de {G}alois",
    publisher = "Calvage \& Mounet",
    series   = "Mathématiques en devenir",
    year      = "2008",
}

@book{demazure2008,
    author    = "Michel Demazure",
    title     = "{C}ours d'{A}lgèbre",
    publisher = "Cassini",
    series   = "Nouvelle bibliothèque mathématique",
    year      = "2008",
}

@article{lagarias1983,
        author = "Jeffrey Clark Lagarias and Andrew Michael Odlyzko",
        title = "\textbf{{S}olving {L}ow-{D}ensity {S}ubset {S}um {P}roblems}",
        journal = "IEEE Transactions on Information Theory",
        year = "1983"
}

@article{bose1962,
        author = "Raj Chandra Bose and Sarvadaman Chowla",
        title = "\textbf{{T}heorems in the additive theory of numbers}",
        journal = "Commentarii Mathematici Helvetici",
        year = "1962"
}

@article{lenstra1991,
        author = "Hendrik Willem Lenstra",
        title = "\textbf{{O}n the {C}hor-{R}ivest {K}napsack {C}ryptosystem}",
        journal = "Journal of Cryptology",
        year = "1991"
}

@inproceedings{PGF98,
	author		= "Daniel Panario and Xavier Gourdon and Philippe Flajolet",
	title		= "\textbf{{A}n analytic approach to smooth polynomials over finite fields}",
	booktitle	= "Algorithmic Number Theory, Proceedings of the ANTS-III conference",
	publisher	= "Springer",
	year		= "1998",
}

@article{coppersmith1984,
  author = "Don Coppersmith",
  title = "\textbf{{F}ast {E}valuation of {L}ogarithms in {F}ields of {C}haracteristic {T}wo}",
  journal = "IEEE transactions on information theory",
  year = "1984",
}

@inproceedings{hellman1982,
  title = "\textbf{{F}ast {C}omputation of {D}iscrete {L}ogarithms in $\operatorname{GF}(q)$}",
  booktitle = "Advances in Cryptology: Proceedings of CRYPTO '82",
  publisher = "Plenum",
  author = "Martin E. Hellman and Justin M. Reyneri",
  year = "1982",
}

@phdthesis{pierrot2016,
	author		= "Cécile Pierrot",
	title		= "{L}e logarithme discret dans les corps finis",
	school		= "Université Pierre et Marie Curie",
	year		= "2016",
}

@article{adleman1999,
  author = "Leonard M. Adleman and Ming-Deh A. Huang",
  title = "\textbf{{F}unction {F}ield {S}ieve {M}ethod for {D}iscrete {L}ogarithms over {F}inite {F}ields}",
  journal = "Information and Computation",
  year = "1999",
}

@inproceedings{joux2006,
  title = "\textbf{{T}he {F}unction {F}ield {S}ieve in the {M}edium {P}rime {C}ase}",
  booktitle = "Advances in Cryptology: Proceedings of EUROCRYPT 2006",
  publisher = "Springer",
  author = "Antoine Joux and Reynald Lercier",
  year = "2006",
}

@inproceedings{joux2002,
  title = "\textbf{{T}he {F}unction {F}ield {S}ieve is quite special}",
  booktitle = "Lecture Notes in Computer Science",
  publisher = "Springer",
  author = "Antoine Joux and Reynald Lercier",
  year = "2002",
}

@phdthesis{spaenlehauer2012,
	author		= "Pierre-Jean Spaenlehauer",
	title		= "{S}olving multihomogeneous and determinantal systems {A}lgorithms - {C}omplexity - {A}pplications",
	school		= "Université Pierre et Marie Curie",
	year		= "2012",
}

@article{faugere2011,
  author = "Jean-Charles Faugère and Mohab Safey {El Din} and Pierre-Jean Spaenlehauer",
  title = "\textbf{{G}röbner bases of bihomogenous ideals generated by polynomials of bidegree $(1,1)$: {A}lgorithms and complexity}",
  journal = "Journal Of symbolic Computation",
  year = "2011",
}

@article{coppersmith1986,
  author = "Don Coppersmith and Andrew Michael Odlyzko and Richard Schroeppel",
  title = "\textbf{{D}iscrete {L}ogarithms in $\operatorname{GF}(p)$}",
  journal = "Algorithmica",
  year = "1986",
}

@article{wiedemann1986,
	author = "Douglas H. Wiedemann",
	title = "\textbf{{S}olving sparse linear equations over
finite fields}",
	journal = "IEEE Transactions on Information Theory", 
	year = "1986",
}

@misc{barbulescu2013,
    author = {Razvan Barbulescu and Pierrick Gaudry and Antoine Joux and Emmanuel Thomé},
    title = {\textbf{{A} quasi-polynomial algorithm for discrete logarithm in finite fields of small characteristic}},
    year = {2013},
}

@misc{joux2013,
    author = {Antoine Joux},
    title = {\textbf{{A} new index calculus algorithm with complexity $L(1/4+o(1))$ in very small characteristic}},
    howpublished = {Cryptology ePrint Archive, Report 2013/095},
    year = {2013},
}

@book{niederreiter1986,
    author    = "Harald Niederreiter and Rudolf Lidl",
    title     = "{I}ntroduction to finite fields and their applications",
    publisher = "Cambridge University Press",
    year      = "1986",
}